@article{feynman1982simulating,
  added-at = {2019-02-26T21:36:34.000+0100},
  author = {Feynman, Richard P},
  biburl = {https://www.bibsonomy.org/bibtex/213ff745d56ca88760b0e36f2b112e7a4/rspreeuw},
  interhash = {e7b5cbbbe625b40aca61c24bdbee745d},
  intrahash = {13ff745d56ca88760b0e36f2b112e7a4},
  journal = {International journal of theoretical physics},
  keywords = {imported},
  number = {6/7},
  pages = {467--488},
  publisher = {World Scientific},
  timestamp = {2019-02-26T21:36:34.000+0100},
  title = {Simulating physics with computers},
  volume = 21,
  year = 1982
}

@INPROCEEDINGS{Shor,

  author={Shor, P.W.},

  booktitle={Proceedings 35th Annual Symposium on Foundations of Computer Science}, 

  title={Algorithms for quantum computation: discrete logarithms and factoring}, 

  year={1994},

  volume={},

  number={},

  pages={124-134},

  doi={10.1109/SFCS.1994.365700}}

@inproceedings{Grover,
author = {Grover, Lov K.},
title = {A Fast Quantum Mechanical Algorithm for Database Search},
year = {1996},
isbn = {0897917855},
publisher = {Association for Computing Machinery},
address = {New York, NY, USA},
url = {https://doi.org/10.1145/237814.237866},
doi = {10.1145/237814.237866},
booktitle = {Proceedings of the Twenty-Eighth Annual ACM Symposium on Theory of Computing},
pages = {212–219},
numpages = {8},
location = {Philadelphia, Pennsylvania, USA},
series = {STOC '96}
}


@article{RevModPhys.79.135,
  title = {Linear optical quantum computing with photonic qubits},
  author = {Kok, Pieter and Munro, W. J. and Nemoto, Kae and Ralph, T. C. and Dowling, Jonathan P. and Milburn, G. J.},
  journal = {Rev. Mod. Phys.},
  volume = {79},
  issue = {1},
  pages = {135--174},
  numpages = {0},
  year = {2007},
  month = {Jan},
  publisher = {American Physical Society},
  doi = {10.1103/RevModPhys.79.135},
  url = {https://link.aps.org/doi/10.1103/RevModPhys.79.135}
}


@article{PhysRevA.66.032309,
  title = {Holonomic quantum computation with neutral atoms},
  author = {Recati, A. and Calarco, T. and Zanardi, P. and Cirac, J. I. and Zoller, P.},
  journal = {Phys. Rev. A},
  volume = {66},
  issue = {3},
  pages = {032309},
  numpages = {13},
  year = {2002},
  month = {Sep},
  publisher = {American Physical Society},
  doi = {10.1103/PhysRevA.66.032309},
  url = {https://link.aps.org/doi/10.1103/PhysRevA.66.032309}
}

@article{PhysRevA.57.120,
  title = {Quantum computation with quantum dots},
  author = {Loss, Daniel and DiVincenzo, David P.},
  journal = {Phys. Rev. A},
  volume = {57},
  issue = {1},
  pages = {120--126},
  numpages = {0},
  year = {1998},
  month = {Jan},
  publisher = {American Physical Society},
  doi = {10.1103/PhysRevA.57.120},
  url = {https://link.aps.org/doi/10.1103/PhysRevA.57.120}
}


@article{PhysRevB.68.064509,
  title = {Quantum information processing with superconducting qubits in a microwave field},
  author = {You, J. Q. and Nori, Franco},
  journal = {Phys. Rev. B},
  volume = {68},
  issue = {6},
  pages = {064509},
  numpages = {7},
  year = {2003},
  month = {Aug},
  publisher = {American Physical Society},
  doi = {10.1103/PhysRevB.68.064509},
  url = {https://link.aps.org/doi/10.1103/PhysRevB.68.064509}
}


@article{Preskill2018quantumcomputingin,
  doi = {10.22331/q-2018-08-06-79},
  url = {https://doi.org/10.22331/q-2018-08-06-79},
  title = {Quantum {C}omputing in the {NISQ} era and beyond},
  author = {Preskill, John},
  journal = {{Quantum}},
  issn = {2521-327X},
  publisher = {{Verein zur F{\"{o}}rderung des Open Access Publizierens in den Quantenwissenschaften}},
  volume = {2},
  pages = {79},
  month = aug,
  year = {2018}
}

@article{Cerezo_2021,
	doi = {10.1038/s42254-021-00348-9},
  
	url = {https://doi.org/10.1038%2Fs42254-021-00348-9},
  
	year = 2021,
	month = {aug},
  
	publisher = {Springer Science and Business Media {LLC}},
  
	volume = {3},
  
	number = {9},
  
	pages = {625--644},
  
	author = {M. Cerezo and Andrew Arrasmith and Ryan Babbush and Simon C. Benjamin and Suguru Endo and Keisuke Fujii and Jarrod R. McClean and Kosuke Mitarai and Xiao Yuan and Lukasz Cincio and Patrick J. Coles},
  
	title = {Variational quantum algorithms},
  
	journal = {Nature Reviews Physics}
}


@incollection{KAK1995259,
title = {Quantum Neural Computing},
editor = {Peter W. Hawkes},
series = {Advances in Imaging and Electron Physics},
publisher = {Elsevier},
volume = {94},
pages = {259-313},
year = {1995},
issn = {1076-5670},
doi = {https://doi.org/10.1016/S1076-5670(08)70147-2},
url = {https://www.sciencedirect.com/science/article/pii/S1076567008701472},
author = {Subhash C. Kak}
}






@misc{VQE_review,
      title={The Variational Quantum Eigensolver: a review of methods and best practices}, 
      author={Jules Tilly and Hongxiang Chen and Shuxiang Cao and Dario Picozzi and Kanav Setia and Ying Li and Edward Grant and Leonard Wossnig and Ivan Rungger and George H. Booth and Jonathan Tennyson},
      year={2021},
      eprint={2111.05176},
      archivePrefix={arXiv},
      primaryClass={quant-ph}
}


@article{Cost_func_and_landscape,
	doi = {10.1038/s41467-021-21728-w},
  
	url = {https://doi.org/10.1038%2Fs41467-021-21728-w},
  
	year = 2021,
	month = {mar},
  
	publisher = {Springer Science and Business Media {LLC}},
  
	volume = {12},
  
	number = {1},
  
	author = {M. Cerezo and Akira Sone and Tyler Volkoff and Lukasz Cincio and Patrick J. Coles},
  
	title = {Cost function dependent barren plateaus in shallow parametrized quantum circuits},
  
	journal = {Nature Communications}
}

@article{QCNN,
	doi = {10.1103/physrevx.11.041011},
  
	url = {https://doi.org/10.1103%2Fphysrevx.11.041011},
  
	year = 2021,
	month = {oct},
  
	publisher = {American Physical Society ({APS})},
  
	volume = {11},
  
	number = {4},
  
	author = {Arthur Pesah and M. Cerezo and Samson Wang and Tyler Volkoff and Andrew T. Sornborger and Patrick J. Coles},
  
	title = {Absence of Barren Plateaus in Quantum Convolutional Neural Networks},
  
	journal = {Physical Review X}
}

@article{Foss_Feig_2021,
	doi = {10.1103/physrevresearch.3.033002},
  
	url = {https://doi.org/10.1103%2Fphysrevresearch.3.033002},
  
	year = 2021,
	month = {jul},
  
	publisher = {American Physical Society ({APS})},
  
	volume = {3},
  
	number = {3},
  
	author = {Michael Foss-Feig and David Hayes and Joan M. Dreiling and Caroline Figgatt and John P. Gaebler and Steven A. Moses and Juan M. Pino and Andrew C. Potter},
  
	title = {Holographic quantum algorithms for simulating correlated spin systems},
  
	journal = {Physical Review Research}
}

@misc{universal_linear_loop,
  doi = {10.48550/ARXIV.1812.07015},
  
  url = {https://arxiv.org/abs/1812.07015},
  
  author = {Qi, Haoyu and Helt, Lukas G. and Su, Daiqin and Vernon, Zachary and Brádler, Kamil},
  
  keywords = {Quantum Physics (quant-ph), FOS: Physical sciences, FOS: Physical sciences},
  
  title = {Linear multiport photonic interferometers: loss analysis of temporally-encoded architectures},
  
  publisher = {arXiv},
  
  year = {2018},
  
  copyright = {arXiv.org perpetual, non-exclusive license}
}


@article{Abbas_2021,
	doi = {10.1038/s43588-021-00084-1},
  
	url = {https://doi.org/10.1038%2Fs43588-021-00084-1},
  
	year = 2021,
	month = {jun},
  
	publisher = {Springer Science and Business Media {LLC}},
  
	volume = {1},
  
	number = {6},
  
	pages = {403--409},
  
	author = {Amira Abbas and David Sutter and Christa Zoufal and Aurelien Lucchi and Alessio Figalli and Stefan Woerner},
  
	title = {The power of quantum neural networks},
  
	journal = {Nature Computational Science}
}

@misc{QAOA,
  doi = {10.48550/ARXIV.1411.4028},
  
  url = {https://arxiv.org/abs/1411.4028},
  
  author = {Farhi, Edward and Goldstone, Jeffrey and Gutmann, Sam},
  
  keywords = {Quantum Physics (quant-ph), FOS: Physical sciences, FOS: Physical sciences},
  
  title = {A Quantum Approximate Optimization Algorithm},
  
  publisher = {arXiv},
  
  year = {2014},
  
  copyright = {arXiv.org perpetual, non-exclusive license}
}

@article{Liu_2019,
	doi = {10.1103/physrevresearch.1.023025},
  
	url = {https://doi.org/10.1103%2Fphysrevresearch.1.023025},
  
	year = 2019,
	month = {sep},
  
	publisher = {American Physical Society ({APS})},
  
	volume = {1},
  
	number = {2},
  
	author = {Jin-Guo Liu and Yi-Hong Zhang and Yuan Wan and Lei Wang},
  
	title = {Variational quantum eigensolver with fewer qubits},
  
	journal = {Physical Review Research}
}

@article{PhysRevLett.91.147902,
  title = {Efficient Classical Simulation of Slightly Entangled Quantum Computations},
  author = {Vidal, Guifr\'e},
  journal = {Phys. Rev. Lett.},
  volume = {91},
  issue = {14},
  pages = {147902},
  numpages = {4},
  year = {2003},
  month = {Oct},
  publisher = {American Physical Society},
  doi = {10.1103/PhysRevLett.91.147902},
  url = {https://link.aps.org/doi/10.1103/PhysRevLett.91.147902}
}








@article{doi:10.1146/annurev-conmatphys-020911-125018,
author = {Stoudenmire, E.M. and White, Steven R.},
title = {Studying Two-Dimensional Systems with the Density Matrix Renormalization Group},
journal = {Annual Review of Condensed Matter Physics},
volume = {3},
number = {1},
pages = {111-128},
year = {2012},
doi = {10.1146/annurev-conmatphys-020911-125018},

URL = { 
        https://doi.org/10.1146/annurev-conmatphys-020911-125018
    
},
eprint = { 
        https://doi.org/10.1146/annurev-conmatphys-020911-125018
    
}

}





@article{RevModPhys.82.277,
  title = {Colloquium: Area laws for the entanglement entropy},
  author = {Eisert, J. and Cramer, M. and Plenio, M. B.},
  journal = {Rev. Mod. Phys.},
  volume = {82},
  issue = {1},
  pages = {277--306},
  numpages = {0},
  year = {2010},
  month = {Feb},
  publisher = {American Physical Society},
  doi = {10.1103/RevModPhys.82.277},
  url = {https://link.aps.org/doi/10.1103/RevModPhys.82.277}
}



@misc{param_shift,
  doi = {10.48550/ARXIV.1701.01450},
  
  url = {https://arxiv.org/abs/1701.01450},
  
  author = {Guerreschi, Gian Giacomo and Smelyanskiy, Mikhail},
  
  keywords = {Quantum Physics (quant-ph), FOS: Physical sciences, FOS: Physical sciences},
  
  title = {Practical optimization for hybrid quantum-classical algorithms},
  
  publisher = {arXiv},
  
  year = {2017},
  
  copyright = {arXiv.org perpetual, non-exclusive license}
}


@misc{entangled_barren_plateaus,
  doi = {10.48550/ARXIV.2010.15968},
  
  url = {https://arxiv.org/abs/2010.15968},
  
  author = {Marrero, Carlos Ortiz and Kieferová, Mária and Wiebe, Nathan},
  
  keywords = {Quantum Physics (quant-ph), Machine Learning (cs.LG), FOS: Physical sciences, FOS: Physical sciences, FOS: Computer and information sciences, FOS: Computer and information sciences},
  
  title = {Entanglement Induced Barren Plateaus},
  
  publisher = {arXiv},
  
  year = {2020},
  
  copyright = {arXiv.org perpetual, non-exclusive license}
}

@article{noise_barren_plateaus,
	doi = {10.1038/s41467-021-27045-6},
  
	url = {https://doi.org/10.1038%2Fs41467-021-27045-6},
  
	year = 2021,
	month = {nov},
  
	publisher = {Springer Science and Business Media {LLC}},
  
	volume = {12},
  
	number = {1},
  
	author = {Samson Wang and Enrico Fontana and M. Cerezo and Kunal Sharma and Akira Sone and Lukasz Cincio and Patrick J. Coles},
  
	title = {Noise-induced barren plateaus in variational quantum algorithms},
  
	journal = {Nature Communications}
}



@article{Holmes_2022,
	doi = {10.1103/prxquantum.3.010313},
  
	url = {https://doi.org/10.1103%2Fprxquantum.3.010313},
  
	year = 2022,
	month = {jan},
  
	publisher = {American Physical Society ({APS})},
  
	volume = {3},
  
	number = {1},
  
	author = {Zoë Holmes and Kunal Sharma and M. Cerezo and Patrick J. Coles},
  
	title = {Connecting Ansatz Expressibility to Gradient Magnitudes and Barren Plateaus},
  
	journal = {{PRX} Quantum}
}

@article{McClean_2018,
	doi = {10.1038/s41467-018-07090-4},
  
	url = {https://doi.org/10.1038%2Fs41467-018-07090-4},
  
	year = 2018,
	month = {nov},
  
	publisher = {Springer Science and Business Media {LLC}},
  
	volume = {9},
  
	number = {1},
  
	author = {Jarrod R. McClean and Sergio Boixo and Vadim N. Smelyanskiy and Ryan Babbush and Hartmut Neven},
  
	title = {Barren plateaus in quantum neural network training landscapes},
  
	journal = {Nature Communications}
}

@article{Sim_2019,
	doi = {10.1002/qute.201900070},
  
	url = {https://doi.org/10.1002%2Fqute.201900070},
  
	year = 2019,
	month = {oct},
  
	publisher = {Wiley},
  
	volume = {2},
  
	number = {12},
  
	pages = {1900070},
  
	author = {Sukin Sim and Peter D. Johnson and Al{\'{a}}n Aspuru-Guzik},
  
	title = {Expressibility and Entangling Capability of Parameterized Quantum Circuits for Hybrid Quantum-Classical Algorithms},
  
	journal = {Advanced Quantum Technologies}
}

@article{_yczkowski_2005,
	doi = {10.1103/physreva.71.032313},
  
	url = {https://doi.org/10.1103%2Fphysreva.71.032313},
  
	year = 2005,
	month = {mar},
  
	publisher = {American Physical Society ({APS})},
  
	volume = {71},
  
	number = {3},
  
	author = {Karol {\.{Z}}yczkowski and Hans-Jürgen Sommers},
  
	title = {Average fidelity between random quantum states},
  
	journal = {Physical Review A}
}

@article{Huggins_2021,
	doi = {10.1038/s41534-020-00341-7},
  
	url = {https://doi.org/10.1038%2Fs41534-020-00341-7},
  
	year = 2021,
	month = {feb},
  
	publisher = {Springer Science and Business Media {LLC}},
  
	volume = {7},
  
	number = {1},
  
	author = {William J. Huggins and Jarrod R. McClean and Nicholas C. Rubin and Zhang Jiang and Nathan Wiebe and K. Birgitta Whaley and Ryan Babbush},
  
	title = {Efficient and noise resilient measurements for quantum chemistry on near-term quantum computers},
  
	journal = {npj Quantum Information}
}

@article{Yen_2021,
	doi = {10.1103/prxquantum.2.040320},
  
	url = {https://doi.org/10.1103%2Fprxquantum.2.040320},
  
	year = 2021,
	month = {oct},
  
	publisher = {American Physical Society ({APS})},
  
	volume = {2},
  
	number = {4},
  
	author = {Tzu-Ching Yen and Artur F. Izmaylov},
  
	title = {Cartan Subalgebra Approach to Efficient Measurements of Quantum Observables},
  
	journal = {{PRX} Quantum}
}

@misc{PennyLane,
  doi = {10.48550/ARXIV.1811.04968},
  
  url = {https://arxiv.org/abs/1811.04968},
  
  author = {Bergholm, Ville and Izaac, Josh and Schuld, Maria and Gogolin, Christian and Alam, M. Sohaib and Ahmed, Shahnawaz and Arrazola, Juan Miguel and Blank, Carsten and Delgado, Alain and Jahangiri, Soran and McKiernan, Keri and Meyer, Johannes Jakob and Niu, Zeyue and Száva, Antal and Killoran, Nathan},
  
  keywords = {Quantum Physics (quant-ph), Emerging Technologies (cs.ET), Machine Learning (cs.LG), Computational Physics (physics.comp-ph), FOS: Physical sciences, FOS: Physical sciences, FOS: Computer and information sciences, FOS: Computer and information sciences},
  
  title = {PennyLane: Automatic differentiation of hybrid quantum-classical computations},
  
  publisher = {arXiv},
  
  year = {2018},
  
  copyright = {arXiv.org perpetual, non-exclusive license}
}

@article{10.1147/JRD.2018.2888987,
author = {Cao, Y. and Romero, J. and Aspuru-Guzik, A.},
title = {Potential of Quantum Computing for Drug Discovery},
year = {2018},
issue_date = {November/December 2018},
publisher = {IBM Corp.},
address = {USA},
volume = {62},
number = {6},
issn = {0018-8646},
url = {https://doi.org/10.1147/JRD.2018.2888987},
doi = {10.1147/JRD.2018.2888987},
journal = {IBM J. Res. Dev.},
month = {nov},
articleno = {2},
numpages = {20}
}

@article{Outeiral_2020,
	doi = {10.1002/wcms.1481},
  
	url = {https://doi.org/10.1002%2Fwcms.1481},
  
	year = 2020,
	month = {may},
  
	publisher = {Wiley},
  
	volume = {11},
  
	number = {1},
  
	author = {Carlos Outeiral and Martin Strahm and Jiye Shi and Garrett M. Morris and Simon C. Benjamin and Charlotte M. Deane},
  
	title = {The prospects of quantum computing in computational molecular biology},
  
	journal = {{WIREs} Computational Molecular Science}
}

@article{Dumitrescu_2018,
	doi = {10.1103/physrevlett.120.210501},
  
	url = {https://doi.org/10.1103%2Fphysrevlett.120.210501},
  
	year = 2018,
	month = {may},
  
	publisher = {American Physical Society ({APS})},
  
	volume = {120},
  
	number = {21},
  
	author = {E.{\hspace{0.167em}}F. Dumitrescu and A.{\hspace{0.167em}}J. McCaskey and G. Hagen and G.{\hspace{0.167em}}R. Jansen and T.{\hspace{0.167em}}D. Morris and T. Papenbrock and R.{\hspace{0.167em}}C. Pooser and D.{\hspace{0.167em}}J. Dean and P. Lougovski},
  
	title = {Cloud Quantum Computing of an Atomic Nucleus},
  
	journal = {Physical Review Letters}
}

@misc{https://doi.org/10.48550/arxiv.1411.4028,
  doi = {10.48550/ARXIV.1411.4028},
  
  url = {https://arxiv.org/abs/1411.4028},
  
  author = {Farhi, Edward and Goldstone, Jeffrey and Gutmann, Sam},
  
  keywords = {Quantum Physics (quant-ph), FOS: Physical sciences, FOS: Physical sciences},
  
  title = {A Quantum Approximate Optimization Algorithm},
  
  publisher = {arXiv},
  
  year = {2014},
  
  copyright = {arXiv.org perpetual, non-exclusive license}
}


@article{Wang_2021,
	doi = {10.1038/s41467-021-27045-6},
  
	url = {https://doi.org/10.1038%2Fs41467-021-27045-6},
  
	year = 2021,
	month = {nov},
  
	publisher = {Springer Science and Business Media {LLC}},
  
	volume = {12},
  
	number = {1},
  
	author = {Samson Wang and Enrico Fontana and M. Cerezo and Kunal Sharma and Akira Sone and Lukasz Cincio and Patrick J. Coles},
  
	title = {Noise-induced barren plateaus in variational quantum algorithms},
  
	journal = {Nature Communications}
}


@article{Skolik_2021,
	doi = {10.1007/s42484-020-00036-4},
  
	url = {https://doi.org/10.1007%2Fs42484-020-00036-4},
  
	year = 2021,
	month = {jan},
  
	publisher = {Springer Science and Business Media {LLC}},
  
	volume = {3},
  
	number = {1},
  
	author = {Andrea Skolik and Jarrod R. McClean and Masoud Mohseni and Patrick van der Smagt and Martin Leib},
  
	title = {Layerwise learning for quantum neural networks},
  
	journal = {Quantum Machine Intelligence}
}


@article{Grant_2019,
	doi = {10.22331/q-2019-12-09-214},
  
	url = {https://doi.org/10.22331%2Fq-2019-12-09-214},
  
	year = 2019,
	month = {dec},
  
	publisher = {Verein zur Forderung des Open Access Publizierens in den Quantenwissenschaften},
  
	volume = {3},
  
	pages = {214},
  
	author = {Edward Grant and Leonard Wossnig and Mateusz Ostaszewski and Marcello Benedetti},
  
	title = {An initialization strategy for addressing barren plateaus in parametrized quantum circuits},
  
	journal = {Quantum}
}


@misc{https://doi.org/10.48550/arxiv.1412.6980,
  doi = {10.48550/ARXIV.1412.6980},
  
  url = {https://arxiv.org/abs/1412.6980},
  
  author = {Kingma, Diederik P. and Ba, Jimmy},
  
  keywords = {Machine Learning (cs.LG), FOS: Computer and information sciences, FOS: Computer and information sciences},
  
  title = {Adam: A Method for Stochastic Optimization},
  
  publisher = {arXiv},
  
  year = {2014},
  
  copyright = {arXiv.org perpetual, non-exclusive license}
}

@article{Stokes_2020,
	doi = {10.22331/q-2020-05-25-269},
  
	url = {https://doi.org/10.22331%2Fq-2020-05-25-269},
  
	year = 2020,
	month = {may},
  
	publisher = {Verein zur Forderung des Open Access Publizierens in den Quantenwissenschaften},
  
	volume = {4},
  
	pages = {269},
  
	author = {James Stokes and Josh Izaac and Nathan Killoran and Giuseppe Carleo},
  
	title = {Quantum Natural Gradient},
  
	journal = {Quantum}
}

@article{article,
author = {Derzhko, O.},
year = {2001},
month = {01},
pages = {49-64},
title = {Jordan-Wigner fermionization for spin-{1/2} systems in two dimensions: A brief review},
volume = {5},
journal = {Journal of Physical Studies},
doi = {10.30970/jps.05.49}
}

@article{Seeley_2012,
	doi = {10.1063/1.4768229},
  
	url = {https://doi.org/10.1063%2F1.4768229},
  
	year = 2012,
	month = {dec},
  
	publisher = {{AIP} Publishing},
  
	volume = {137},
  
	number = {22},
  
	pages = {224109},
  
	author = {Jacob T. Seeley and Martin J. Richard and Peter J. Love},
  
	title = {The Bravyi-Kitaev transformation for quantum computation of electronic structure},
  
	journal = {The Journal of Chemical Physics}
}

@article{https://doi.org/10.48550/arxiv.hep-th/9312092,
  doi = {10.48550/ARXIV.HEP-TH/9312092},
  
  url = {https://arxiv.org/abs/hep-th/9312092},
  
  author = {Sawicki, M. and Ahluwalia, D. V.},
  
  keywords = {High Energy Physics - Theory (hep-th), FOS: Physical sciences, FOS: Physical sciences},
  
  title = {Parity Transformation in the Front Form},
  
  publisher = {arXiv},
  
  year = {1993},
  
  copyright = {Assumed arXiv.org perpetual, non-exclusive license to distribute this article for submissions made before January 2004}
}

@article{Shikano_2021,
	doi = {10.1140/epjs/s11734-021-00087-z},
  
	url = {https://doi.org/10.1140%2Fepjs%2Fs11734-021-00087-z},
  
	year = 2021,
	month = {apr},
  
	publisher = {Springer Science and Business Media {LLC}},
  
	volume = {230},
  
	number = {4},
  
	pages = {1037--1051},
  
	author = {Yutaka Shikano and Hiroshi C. Watanabe and Ken M. Nakanishi and Yu-ya Ohnishi},
  
	title = {Post-Hartree{\textendash}Fock method in quantum chemistry for quantum computer},
  
	journal = {The European Physical Journal Special Topics}
}

@misc{https://doi.org/10.48550/arxiv.1909.05074,
  doi = {10.48550/ARXIV.1909.05074},
  
  url = {https://arxiv.org/abs/1909.05074},
  
  author = {Yamamoto, Naoki},
  
  keywords = {Quantum Physics (quant-ph), FOS: Physical sciences, FOS: Physical sciences},
  
  title = {On the natural gradient for variational quantum eigensolver},
  
  publisher = {arXiv},
  
  year = {2019},
  
  copyright = {arXiv.org perpetual, non-exclusive license}
}

@misc{https://doi.org/10.48550/arxiv.2111.04695,
  doi = {10.48550/ARXIV.2111.04695},
  
  url = {https://arxiv.org/abs/2111.04695},
  
  author = {Rudolph, Manuel S. and Sim, Sukin and Raza, Asad and Stechly, Michal and McClean, Jarrod R. and Anschuetz, Eric R. and Serrano, Luis and Perdomo-Ortiz, Alejandro},
  
  keywords = {Quantum Physics (quant-ph), FOS: Physical sciences, FOS: Physical sciences},
  
  title = {ORQVIZ: Visualizing High-Dimensional Landscapes in Variational Quantum Algorithms},
  
  publisher = {arXiv},
  
  year = {2021},
  
  copyright = {Creative Commons Attribution 4.0 International}
}

@article{Borzenkova_2021,
	doi = {10.1063/5.0043322},
  
	url = {https://doi.org/10.1063%2F5.0043322},
  
	year = 2021,
	month = {apr},
  
	publisher = {{AIP} Publishing},
  
	volume = {118},
  
	number = {14},
  
	pages = {144002},
  
	author = {O. V. Borzenkova and G. I. Struchalin and A. S. Kardashin and V. V. Krasnikov and N. N. Skryabin and S. S. Straupe and S. P. Kulik and J. D. Biamonte},
  
	title = {Variational simulation of Schwinger's Hamiltonian with polarization qubits},
  
	journal = {Applied Physics Letters}
}

@article{Buyens_2016,
	doi = {10.1103/physrevd.94.085018},
  
	url = {https://doi.org/10.1103%2Fphysrevd.94.085018},
  
	year = 2016,
	month = {oct},
  
	publisher = {American Physical Society ({APS})},
  
	volume = {94},
  
	number = {8},
  
	author = {Boye Buyens and Frank Verstraete and Karel Van Acoleyen},
  
	title = {Hamiltonian simulation of the Schwinger model at finite temperature},
  
	journal = {Physical Review D}
}